%% This BibTeX bibliography file was created using BibDesk.
%% http://bibdesk.sourceforge.net/


%% Created for Nikolaus Piccolotto at 2013-04-25 15:35:22 +0200 


%% Saved with string encoding Unicode (UTF-8) 



@article{Groth2006,
	Author = {Groth, D.P. and Streefkerk, K.},
	Date-Added = {2013-04-25 13:34:04 +0000},
	Date-Modified = {2013-04-25 13:34:04 +0000},
	Doi = {10.1109/TVCG.2006.101},
	Issn = {1077-2626},
	Journal = {Visualization and Computer Graphics, IEEE Transactions on},
	Keywords = {data mining;data visualisation;human factors;interactive systems;temporal databases;visual databases;interactive data visualizations;knowledge discovery process;prototype system;spatio-temporal technique;user exploration history recording;visual exploration system annotation;visual exploration system provenance;Context modeling;Data visualization;Helium;History;Performance evaluation;Pipelines;Printing;Problem-solving;Prototypes;Visual databases;Visualization;annotation.;interaction model;provenance},
	Number = {6},
	Pages = {1500-1510},
	Title = {Provenance and Annotation for Visual Exploration Systems},
	Volume = {12},
	Year = {2006},
	Bdsk-File-1 = {YnBsaXN0MDDUAQIDBAUGJCVYJHZlcnNpb25YJG9iamVjdHNZJGFyY2hpdmVyVCR0b3ASAAGGoKgHCBMUFRYaIVUkbnVsbNMJCgsMDxJXTlMua2V5c1pOUy5vYmplY3RzViRjbGFzc6INDoACgAOiEBGABIAFgAdccmVsYXRpdmVQYXRoWWFsaWFzRGF0YV8QUGxpYnJhcnkvR3JvdGgyMDA2IC0gUHJvdmVuYW5jZSBhbmQgQW5ub3RhdGlvbiBmb3IgVmlzdWFsIEV4cGxvcmF0aW9uIFN5c3RlbXMucGRm0hcLGBlXTlMuZGF0YU8RAoQAAAAAAoQAAgAADE1hY2ludG9zaCBIRAAAAAAAAAAAAAAAAAAAAMviY+BIKwAAAkaNTx9Hcm90aDIwMDYgLSBQcm92ZW5hIzI3NTdCNEQucGRmAAAAAAAAAAAAAAAAAAAAAAAAAAAAAAAAAAAAAAAAAAACdXtNzZ79pwAAAAAAAAAAAAEAAwAACSAAAAAAAAAAAAAAAAAAAAAHbGlicmFyeQAAEAAIAADL4kfAAAAAEQAIAADNnuGHAAAAAQAYAkaNTwJGicECRom9AA4pUwAF+VkAAL/+AAIAZk1hY2ludG9zaCBIRDpVc2VyczoAeG5pa3A6AHN0dWRpdW06AHNlbWVzdGVyMTA6AGRpcGxvbWFyYmVpdDoAbGlicmFyeToAR3JvdGgyMDA2IC0gUHJvdmVuYSMyNzU3QjRELnBkZgAOAJIASABHAHIAbwB0AGgAMgAwADAANgAgAC0AIABQAHIAbwB2AGUAbgBhAG4AYwBlACAAYQBuAGQAIABBAG4AbgBvAHQAYQB0AGkAbwBuACAAZgBvAHIAIABWAGkAcwB1AGEAbAAgAEUAeABwAGwAbwByAGEAdABpAG8AbgAgAFMAeQBzAHQAZQBtAHMALgBwAGQAZgAPABoADABNAGEAYwBpAG4AdABvAHMAaAAgAEgARAASAHxVc2Vycy94bmlrcC9zdHVkaXVtL3NlbWVzdGVyMTAvZGlwbG9tYXJiZWl0L2xpYnJhcnkvR3JvdGgyMDA2IC0gUHJvdmVuYW5jZSBhbmQgQW5ub3RhdGlvbiBmb3IgVmlzdWFsIEV4cGxvcmF0aW9uIFN5c3RlbXMucGRmABMAAS8AABUAAgAM//8AAIAG0hscHR5aJGNsYXNzbmFtZVgkY2xhc3Nlc11OU011dGFibGVEYXRhox0fIFZOU0RhdGFYTlNPYmplY3TSGxwiI1xOU0RpY3Rpb25hcnmiIiBfEA9OU0tleWVkQXJjaGl2ZXLRJidUcm9vdIABAAgAEQAaACMALQAyADcAQABGAE0AVQBgAGcAagBsAG4AcQBzAHUAdwCEAI4A4QDmAO4DdgN4A30DiAORA58DowOqA7MDuAPFA8gD2gPdA+IAAAAAAAACAQAAAAAAAAAoAAAAAAAAAAAAAAAAAAAD5A==},
	Bdsk-Url-1 = {http://dx.doi.org/10.1109/TVCG.2006.101}}

@mastersthesis{Bauer2011,
	Author = {Christian Bauer},
	Date-Added = {2013-04-25 13:31:37 +0000},
	Date-Modified = {2013-04-25 13:32:20 +0000},
	Month = {6},
	School = {Universit{\"a}t Ulm},
	Title = {Ein Framework zur nutzerorientierten Erkl{\"a}rung hybrider Pl{\"a}ne},
	Year = {2011},
	Bdsk-File-1 = {YnBsaXN0MDDUAQIDBAUGJCVYJHZlcnNpb25YJG9iamVjdHNZJGFyY2hpdmVyVCR0b3ASAAGGoKgHCBMUFRYaIVUkbnVsbNMJCgsMDxJXTlMua2V5c1pOUy5vYmplY3RzViRjbGFzc6INDoACgAOiEBGABIAFgAdccmVsYXRpdmVQYXRoWWFsaWFzRGF0YW8QVQBsAGkAYgByAGEAcgB5AC8AQgBhAHUAZQByADIAMAAxADEAIAAtACAARQBpAG4AIABGAHIAYQBtAGUAdwBvAHIAawAgAHoAdQByACAAbgB1AHQAegBlAHIAbwByAGkAZQBuAHQAaQBlAHIAdABlAG4AIABFAHIAawBsAOQAcgB1AG4AZwAgAGgAeQBiAHIAaQBkAGUAcgAgAFAAbADkAG4AZQAuAHAAZABm0hcLGBlXTlMuZGF0YU8RApoAAAAAApoAAgAADE1hY2ludG9zaCBIRAAAAAAAAAAAAAAAAAAAAMviY+BIKwAAAkaNTx9CYXVlcjIwMTEgLSBFaW4gRnJhIzI3NTc3NzMucGRmAAAAAAAAAAAAAAAAAAAAAAAAAAAAAAAAAAAAAAAAAAACdXdzzZ78zwAAAAAAAAAAAAEAAwAACSAAAAAAAAAAAAAAAAAAAAAHbGlicmFyeQAAEAAIAADL4kfAAAAAEQAIAADNnuCvAAAAAQAYAkaNTwJGicECRom9AA4pUwAF+VkAAL/+AAIAZk1hY2ludG9zaCBIRDpVc2VyczoAeG5pa3A6AHN0dWRpdW06AHNlbWVzdGVyMTA6AGRpcGxvbWFyYmVpdDoAbGlicmFyeToAQmF1ZXIyMDExIC0gRWluIEZyYSMyNzU3NzczLnBkZgAOAKAATwBCAGEAdQBlAHIAMgAwADEAMQAgAC0AIABFAGkAbgAgAEYAcgBhAG0AZQB3AG8AcgBrACAAegB1AHIAIABuAHUAdAB6AGUAcgBvAHIAaQBlAG4AdABpAGUAcgB0AGUAbgAgAEUAcgBrAGwAYQMIAHIAdQBuAGcAIABoAHkAYgByAGkAZABlAHIAIABQAGwAYQMIAG4AZQAuAHAAZABmAA8AGgAMAE0AYQBjAGkAbgB0AG8AcwBoACAASABEABIAg1VzZXJzL3huaWtwL3N0dWRpdW0vc2VtZXN0ZXIxMC9kaXBsb21hcmJlaXQvbGlicmFyeS9CYXVlcjIwMTEgLSBFaW4gRnJhbWV3b3JrIHp1ciBudXR6ZXJvcmllbnRpZXJ0ZW4gRXJrbMOkcnVuZyBoeWJyaWRlciBQbMOkbmUucGRmAAATAAEvAAAVAAIADP//AACABtIbHB0eWiRjbGFzc25hbWVYJGNsYXNzZXNdTlNNdXRhYmxlRGF0YaMdHyBWTlNEYXRhWE5TT2JqZWN00hscIiNcTlNEaWN0aW9uYXJ5oiIgXxAPTlNLZXllZEFyY2hpdmVy0SYnVHJvb3SAAQAIABEAGgAjAC0AMgA3AEAARgBNAFUAYABnAGoAbABuAHEAcwB1AHcAhACOATsBQAFIA+YD6APtA/gEAQQPBBMEGgQjBCgENQQ4BEoETQRSAAAAAAAAAgEAAAAAAAAAKAAAAAAAAAAAAAAAAAAABFQ=}}

@misc{Gesell2012,
	Author = {Johannes F. Gesell},
	Date-Added = {2013-04-25 13:30:20 +0000},
	Date-Modified = {2013-04-25 13:31:07 +0000},
	Month = {11},
	Title = {Textuelle Repr{\"a}sentation von Planerkl{\"a}rungen},
	Year = {2012},
	Bdsk-File-1 = {YnBsaXN0MDDUAQIDBAUGJCVYJHZlcnNpb25YJG9iamVjdHNZJGFyY2hpdmVyVCR0b3ASAAGGoKgHCBMUFRYaIVUkbnVsbNMJCgsMDxJXTlMua2V5c1pOUy5vYmplY3RzViRjbGFzc6INDoACgAOiEBGABIAFgAdccmVsYXRpdmVQYXRoWWFsaWFzRGF0YW8QRQBsAGkAYgByAGEAcgB5AC8ARwBlAHMAZQBsAGwAMgAwADEAMgAgAC0AIABUAGUAeAB0AHUAZQBsAGwAZQAgAFIAZQBwAHIA5ABzAGUAbgB0AGEAdABpAG8AbgAgAHYAbwBuACAAUABsAGEAbgBlAHIAawBsAOQAcgB1AG4AZwBlAG4ALgBwAGQAZtIXCxgZV05TLmRhdGFPEQJqAAAAAAJqAAIAAAxNYWNpbnRvc2ggSEQAAAAAAAAAAAAAAAAAAADL4mPgSCsAAAJGjU8fR2VzZWxsMjAxMiAtIFRleHR1ZSMyNzU3NzBFLnBkZgAAAAAAAAAAAAAAAAAAAAAAAAAAAAAAAAAAAAAAAAAAAnV3Ds2e/IMAAAAAAAAAAAABAAMAAAkgAAAAAAAAAAAAAAAAAAAAB2xpYnJhcnkAABAACAAAy+JHwAAAABEACAAAzZ7gYwAAAAEAGAJGjU8CRonBAkaJvQAOKVMABflZAAC//gACAGZNYWNpbnRvc2ggSEQ6VXNlcnM6AHhuaWtwOgBzdHVkaXVtOgBzZW1lc3RlcjEwOgBkaXBsb21hcmJlaXQ6AGxpYnJhcnk6AEdlc2VsbDIwMTIgLSBUZXh0dWUjMjc1NzcwRS5wZGYADgCAAD8ARwBlAHMAZQBsAGwAMgAwADEAMgAgAC0AIABUAGUAeAB0AHUAZQBsAGwAZQAgAFIAZQBwAHIAYQMIAHMAZQBuAHQAYQB0AGkAbwBuACAAdgBvAG4AIABQAGwAYQBuAGUAcgBrAGwAYQMIAHIAdQBuAGcAZQBuAC4AcABkAGYADwAaAAwATQBhAGMAaQBuAHQAbwBzAGgAIABIAEQAEgBzVXNlcnMveG5pa3Avc3R1ZGl1bS9zZW1lc3RlcjEwL2RpcGxvbWFyYmVpdC9saWJyYXJ5L0dlc2VsbDIwMTIgLSBUZXh0dWVsbGUgUmVwcsOkc2VudGF0aW9uIHZvbiBQbGFuZXJrbMOkcnVuZ2VuLnBkZgAAEwABLwAAFQACAAz//wAAgAbSGxwdHlokY2xhc3NuYW1lWCRjbGFzc2VzXU5TTXV0YWJsZURhdGGjHR8gVk5TRGF0YVhOU09iamVjdNIbHCIjXE5TRGljdGlvbmFyeaIiIF8QD05TS2V5ZWRBcmNoaXZlctEmJ1Ryb290gAEACAARABoAIwAtADIANwBAAEYATQBVAGAAZwBqAGwAbgBxAHMAdQB3AIQAjgEbASABKAOWA5gDnQOoA7EDvwPDA8oD0wPYA+UD6AP6A/0EAgAAAAAAAAIBAAAAAAAAACgAAAAAAAAAAAAAAAAAAAQE}}

@inproceedings{Champin2012,
	Acmid = {2188243},
	Address = {New York, NY, USA},
	Author = {Champin, Pierre-Antoine and Cordier, Am{\'e}lie and Lavou{\'e}, Elise and Lefevre, Marie and Skaf-Molli, Hala},
	Booktitle = {Proceedings of the 21st international conference companion on World Wide Web},
	Date-Added = {2013-04-25 13:29:21 +0000},
	Date-Modified = {2013-04-25 13:29:21 +0000},
	Doi = {10.1145/2187980.2188243},
	Isbn = {978-1-4503-1230-1},
	Keywords = {distributed semantic wikis, traces, user assistance},
	Location = {Lyon, France},
	Numpages = {10},
	Pages = {1065--1074},
	Publisher = {ACM},
	Series = {WWW '12 Companion},
	Title = {User assistance for collaborative knowledge construction},
	Url = {http://doi.acm.org/10.1145/2187980.2188243},
	Year = {2012},
	Bdsk-File-1 = {YnBsaXN0MDDUAQIDBAUGJCVYJHZlcnNpb25YJG9iamVjdHNZJGFyY2hpdmVyVCR0b3ASAAGGoKgHCBMUFRYaIVUkbnVsbNMJCgsMDxJXTlMua2V5c1pOUy5vYmplY3RzViRjbGFzc6INDoACgAOiEBGABIAFgAdccmVsYXRpdmVQYXRoWWFsaWFzRGF0YV8QUmxpYnJhcnkvQ2hhbXBpbjIwMTIgLSBVc2VyIEFzc2lzdGFuY2UgZm9yIENvbGxhYm9yYXRpdmUgS25vd2xlZGdlIENvbnN0cnVjdGlvbi5wZGbSFwsYGVdOUy5kYXRhTxECigAAAAACigACAAAMTWFjaW50b3NoIEhEAAAAAAAAAAAAAAAAAAAAy+Jj4EgrAAACRo1PH0NoYW1waW4yMDEyIC0gVXNlciAjMjc1NzZFOC5wZGYAAAAAAAAAAAAAAAAAAAAAAAAAAAAAAAAAAAAAAAAAAAJ1dujNnvxeAAAAAAAAAAAAAQADAAAJIAAAAAAAAAAAAAAAAAAAAAdsaWJyYXJ5AAAQAAgAAMviR8AAAAARAAgAAM2e4D4AAAABABgCRo1PAkaJwQJGib0ADilTAAX5WQAAv/4AAgBmTWFjaW50b3NoIEhEOlVzZXJzOgB4bmlrcDoAc3R1ZGl1bToAc2VtZXN0ZXIxMDoAZGlwbG9tYXJiZWl0OgBsaWJyYXJ5OgBDaGFtcGluMjAxMiAtIFVzZXIgIzI3NTc2RTgucGRmAA4AlgBKAEMAaABhAG0AcABpAG4AMgAwADEAMgAgAC0AIABVAHMAZQByACAAQQBzAHMAaQBzAHQAYQBuAGMAZQAgAGYAbwByACAAQwBvAGwAbABhAGIAbwByAGEAdABpAHYAZQAgAEsAbgBvAHcAbABlAGQAZwBlACAAQwBvAG4AcwB0AHIAdQBjAHQAaQBvAG4ALgBwAGQAZgAPABoADABNAGEAYwBpAG4AdABvAHMAaAAgAEgARAASAH5Vc2Vycy94bmlrcC9zdHVkaXVtL3NlbWVzdGVyMTAvZGlwbG9tYXJiZWl0L2xpYnJhcnkvQ2hhbXBpbjIwMTIgLSBVc2VyIEFzc2lzdGFuY2UgZm9yIENvbGxhYm9yYXRpdmUgS25vd2xlZGdlIENvbnN0cnVjdGlvbi5wZGYAEwABLwAAFQACAAz//wAAgAbSGxwdHlokY2xhc3NuYW1lWCRjbGFzc2VzXU5TTXV0YWJsZURhdGGjHR8gVk5TRGF0YVhOU09iamVjdNIbHCIjXE5TRGljdGlvbmFyeaIiIF8QD05TS2V5ZWRBcmNoaXZlctEmJ1Ryb290gAEACAARABoAIwAtADIANwBAAEYATQBVAGAAZwBqAGwAbgBxAHMAdQB3AIQAjgDjAOgA8AN+A4ADhQOQA5kDpwOrA7IDuwPAA80D0APiA+UD6gAAAAAAAAIBAAAAAAAAACgAAAAAAAAAAAAAAAAAAAPs},
	Bdsk-Url-1 = {http://doi.acm.org/10.1145/2187980.2188243},
	Bdsk-Url-2 = {http://dx.doi.org/10.1145/2187980.2188243}}

@inproceedings{Lim2010,
	Acmid = {1864353},
	Address = {New York, NY, USA},
	Author = {Lim, Brian Y. and Dey, Anind K.},
	Booktitle = {Proceedings of the 12th ACM international conference on Ubiquitous computing},
	Date-Added = {2013-04-25 13:28:39 +0000},
	Date-Modified = {2013-04-25 13:28:39 +0000},
	Doi = {10.1145/1864349.1864353},
	Isbn = {978-1-60558-843-8},
	Keywords = {context-awareness, explanations, intelligibility, toolkits},
	Location = {Copenhagen, Denmark},
	Numpages = {10},
	Pages = {13--22},
	Publisher = {ACM},
	Series = {Ubicomp '10},
	Title = {Toolkit to support intelligibility in context-aware applications},
	Url = {http://doi.acm.org/10.1145/1864349.1864353},
	Year = {2010},
	Bdsk-File-1 = {YnBsaXN0MDDUAQIDBAUGJCVYJHZlcnNpb25YJG9iamVjdHNZJGFyY2hpdmVyVCR0b3ASAAGGoKgHCBMUFRYaIVUkbnVsbNMJCgsMDxJXTlMua2V5c1pOUy5vYmplY3RzViRjbGFzc6INDoACgAOiEBGABIAFgAdccmVsYXRpdmVQYXRoWWFsaWFzRGF0YV8QV2xpYnJhcnkvTGltMjAxMCAtIFRvb2xraXQgdG8gU3VwcG9ydCAgSW50ZWxsaWdpYmlsaXR5IGluIENvbnRleHQtQXdhcmUgQXBwbGljYXRpb25zLnBkZtIXCxgZV05TLmRhdGFPEQKaAAAAAAKaAAIAAAxNYWNpbnRvc2ggSEQAAAAAAAAAAAAAAAAAAADL4mPgSCsAAAJGjU8fTGltMjAxMCAtIFRvb2xraXQgdCMyNzU3NjQ5LnBkZgAAAAAAAAAAAAAAAAAAAAAAAAAAAAAAAAAAAAAAAAAAAnV2Sc2e/DEAAAAAAAAAAAABAAMAAAkgAAAAAAAAAAAAAAAAAAAAB2xpYnJhcnkAABAACAAAy+JHwAAAABEACAAAzZ7gEQAAAAEAGAJGjU8CRonBAkaJvQAOKVMABflZAAC//gACAGZNYWNpbnRvc2ggSEQ6VXNlcnM6AHhuaWtwOgBzdHVkaXVtOgBzZW1lc3RlcjEwOgBkaXBsb21hcmJlaXQ6AGxpYnJhcnk6AExpbTIwMTAgLSBUb29sa2l0IHQjMjc1NzY0OS5wZGYADgCgAE8ATABpAG0AMgAwADEAMAAgAC0AIABUAG8AbwBsAGsAaQB0ACAAdABvACAAUwB1AHAAcABvAHIAdAAgACAASQBuAHQAZQBsAGwAaQBnAGkAYgBpAGwAaQB0AHkAIABpAG4AIABDAG8AbgB0AGUAeAB0AC0AQQB3AGEAcgBlACAAQQBwAHAAbABpAGMAYQB0AGkAbwBuAHMALgBwAGQAZgAPABoADABNAGEAYwBpAG4AdABvAHMAaAAgAEgARAASAINVc2Vycy94bmlrcC9zdHVkaXVtL3NlbWVzdGVyMTAvZGlwbG9tYXJiZWl0L2xpYnJhcnkvTGltMjAxMCAtIFRvb2xraXQgdG8gU3VwcG9ydCAgSW50ZWxsaWdpYmlsaXR5IGluIENvbnRleHQtQXdhcmUgQXBwbGljYXRpb25zLnBkZgAAEwABLwAAFQACAAz//wAAgAbSGxwdHlokY2xhc3NuYW1lWCRjbGFzc2VzXU5TTXV0YWJsZURhdGGjHR8gVk5TRGF0YVhOU09iamVjdNIbHCIjXE5TRGljdGlvbmFyeaIiIF8QD05TS2V5ZWRBcmNoaXZlctEmJ1Ryb290gAEACAARABoAIwAtADIANwBAAEYATQBVAGAAZwBqAGwAbgBxAHMAdQB3AIQAjgDoAO0A9QOTA5UDmgOlA64DvAPAA8cD0APVA+ID5QP3A/oD/wAAAAAAAAIBAAAAAAAAACgAAAAAAAAAAAAAAAAAAAQB},
	Bdsk-Url-1 = {http://doi.acm.org/10.1145/1864349.1864353},
	Bdsk-Url-2 = {http://dx.doi.org/10.1145/1864349.1864353}}

@article{Haynes2009,
	Acmid = {1465383},
	Address = {Duluth, MN, USA},
	Author = {Haynes, Steven R. and Cohen, Mark A. and Ritter, Frank E.},
	Date-Added = {2013-04-25 13:27:12 +0000},
	Date-Modified = {2013-04-25 13:27:12 +0000},
	Doi = {10.1016/j.ijhcs.2008.09.008},
	Issn = {1071-5819},
	Issue_Date = {January, 2009},
	Journal = {Int. J. Hum.-Comput. Stud.},
	Keywords = {Design guidelines, Design rationale, Explanation, Intelligent agents},
	Month = jan,
	Number = {1},
	Numpages = {21},
	Pages = {90--110},
	Publisher = {Academic Press, Inc.},
	Title = {Designs for explaining intelligent agents},
	Url = {http://dx.doi.org/10.1016/j.ijhcs.2008.09.008},
	Volume = {67},
	Year = {2009},
	Bdsk-Url-1 = {http://dx.doi.org/10.1016/j.ijhcs.2008.09.008},
	Bdsk-File-1 = {YnBsaXN0MDDUAQIDBAUGJCVYJHZlcnNpb25YJG9iamVjdHNZJGFyY2hpdmVyVCR0b3ASAAGGoKgHCBMUFRYaIVUkbnVsbNMJCgsMDxJXTlMua2V5c1pOUy5vYmplY3RzViRjbGFzc6INDoACgAOiEBGABIAFgAdccmVsYXRpdmVQYXRoWWFsaWFzRGF0YV8QQmxpYnJhcnkvSGF5bmVzMjAwOSAtIERlc2lnbnMgZm9yIGV4cGxhaW5pbmcgaW50ZWxsaWdlbnQgYWdlbnRzLnBkZtIXCxgZV05TLmRhdGFPEQJaAAAAAAJaAAIAAAxNYWNpbnRvc2ggSEQAAAAAAAAAAAAAAAAAAADL4mPgSCsAAAJGjU8fSGF5bmVzMjAwOSAtIERlc2lnbiMyNzU3NTlFLnBkZgAAAAAAAAAAAAAAAAAAAAAAAAAAAAAAAAAAAAAAAAAAAnV1ns2e++4AAAAAAAAAAAABAAMAAAkgAAAAAAAAAAAAAAAAAAAAB2xpYnJhcnkAABAACAAAy+JHwAAAABEACAAAzZ7fzgAAAAEAGAJGjU8CRonBAkaJvQAOKVMABflZAAC//gACAGZNYWNpbnRvc2ggSEQ6VXNlcnM6AHhuaWtwOgBzdHVkaXVtOgBzZW1lc3RlcjEwOgBkaXBsb21hcmJlaXQ6AGxpYnJhcnk6AEhheW5lczIwMDkgLSBEZXNpZ24jMjc1NzU5RS5wZGYADgB2ADoASABhAHkAbgBlAHMAMgAwADAAOQAgAC0AIABEAGUAcwBpAGcAbgBzACAAZgBvAHIAIABlAHgAcABsAGEAaQBuAGkAbgBnACAAaQBuAHQAZQBsAGwAaQBnAGUAbgB0ACAAYQBnAGUAbgB0AHMALgBwAGQAZgAPABoADABNAGEAYwBpAG4AdABvAHMAaAAgAEgARAASAG5Vc2Vycy94bmlrcC9zdHVkaXVtL3NlbWVzdGVyMTAvZGlwbG9tYXJiZWl0L2xpYnJhcnkvSGF5bmVzMjAwOSAtIERlc2lnbnMgZm9yIGV4cGxhaW5pbmcgaW50ZWxsaWdlbnQgYWdlbnRzLnBkZgATAAEvAAAVAAIADP//AACABtIbHB0eWiRjbGFzc25hbWVYJGNsYXNzZXNdTlNNdXRhYmxlRGF0YaMdHyBWTlNEYXRhWE5TT2JqZWN00hscIiNcTlNEaWN0aW9uYXJ5oiIgXxAPTlNLZXllZEFyY2hpdmVy0SYnVHJvb3SAAQAIABEAGgAjAC0AMgA3AEAARgBNAFUAYABnAGoAbABuAHEAcwB1AHcAhACOANMA2ADgAz4DQANFA1ADWQNnA2sDcgN7A4ADjQOQA6IDpQOqAAAAAAAAAgEAAAAAAAAAKAAAAAAAAAAAAAAAAAAAA6w=}}

@inproceedings{Franklin2002,
	Acmid = {502731},
	Address = {New York, NY, USA},
	Author = {Franklin, David and Budzik, Jay and Hammond, Kristian},
	Booktitle = {Proceedings of the 7th international conference on Intelligent user interfaces},
	Date-Added = {2013-04-25 13:25:01 +0000},
	Date-Modified = {2013-04-25 13:25:01 +0000},
	Doi = {10.1145/502716.502731},
	Isbn = {1-58113-459-2},
	Keywords = {perceptual user interfaces, plan-based intelligent user interfaces, representation of activity, task recognition},
	Location = {San Francisco, California, USA},
	Numpages = {8},
	Pages = {79--86},
	Publisher = {ACM},
	Series = {IUI '02},
	Title = {Plan-based interfaces: keeping track of user tasks and acting to cooperate},
	Url = {http://doi.acm.org/10.1145/502716.502731},
	Year = {2002},
	Bdsk-File-1 = {YnBsaXN0MDDUAQIDBAUGJCVYJHZlcnNpb25YJG9iamVjdHNZJGFyY2hpdmVyVCR0b3ASAAGGoKgHCBMUFRYaIVUkbnVsbNMJCgsMDxJXTlMua2V5c1pOUy5vYmplY3RzViRjbGFzc6INDoACgAOiEBGABIAFgAdccmVsYXRpdmVQYXRoWWFsaWFzRGF0YV8QZWxpYnJhcnkvRnJhbmtsaW4yMDAyIC0gUGxhbi1iYXNlZCBpbnRlcmZhY2VzLSBrZWVwaW5nIHRyYWNrIG9mIHVzZXIgdGFza3MgYW5kIGFjdGluZyB0byBjb29wZXJhdGUucGRm0hcLGBlXTlMuZGF0YU8RAsQAAAAAAsQAAgAADE1hY2ludG9zaCBIRAAAAAAAAAAAAAAAAAAAAMviY+BIKwAAAkaNTx9GcmFua2xpbjIwMDIgLSBQbGFuIzI3NTc0MTkucGRmAAAAAAAAAAAAAAAAAAAAAAAAAAAAAAAAAAAAAAAAAAACdXQZzZ77gQAAAAAAAAAAAAEAAwAACSAAAAAAAAAAAAAAAAAAAAAHbGlicmFyeQAAEAAIAADL4kfAAAAAEQAIAADNnt9hAAAAAQAYAkaNTwJGicECRom9AA4pUwAF+VkAAL/+AAIAZk1hY2ludG9zaCBIRDpVc2VyczoAeG5pa3A6AHN0dWRpdW06AHNlbWVzdGVyMTA6AGRpcGxvbWFyYmVpdDoAbGlicmFyeToARnJhbmtsaW4yMDAyIC0gUGxhbiMyNzU3NDE5LnBkZgAOALwAXQBGAHIAYQBuAGsAbABpAG4AMgAwADAAMgAgAC0AIABQAGwAYQBuAC0AYgBhAHMAZQBkACAAaQBuAHQAZQByAGYAYQBjAGUAcwAtACAAawBlAGUAcABpAG4AZwAgAHQAcgBhAGMAawAgAG8AZgAgAHUAcwBlAHIAIAB0AGEAcwBrAHMAIABhAG4AZAAgAGEAYwB0AGkAbgBnACAAdABvACAAYwBvAG8AcABlAHIAYQB0AGUALgBwAGQAZgAPABoADABNAGEAYwBpAG4AdABvAHMAaAAgAEgARAASAJFVc2Vycy94bmlrcC9zdHVkaXVtL3NlbWVzdGVyMTAvZGlwbG9tYXJiZWl0L2xpYnJhcnkvRnJhbmtsaW4yMDAyIC0gUGxhbi1iYXNlZCBpbnRlcmZhY2VzLSBrZWVwaW5nIHRyYWNrIG9mIHVzZXIgdGFza3MgYW5kIGFjdGluZyB0byBjb29wZXJhdGUucGRmAAATAAEvAAAVAAIADP//AACABtIbHB0eWiRjbGFzc25hbWVYJGNsYXNzZXNdTlNNdXRhYmxlRGF0YaMdHyBWTlNEYXRhWE5TT2JqZWN00hscIiNcTlNEaWN0aW9uYXJ5oiIgXxAPTlNLZXllZEFyY2hpdmVy0SYnVHJvb3SAAQAIABEAGgAjAC0AMgA3AEAARgBNAFUAYABnAGoAbABuAHEAcwB1AHcAhACOAPYA+wEDA8sDzQPSA90D5gP0A/gD/wQIBA0EGgQdBC8EMgQ3AAAAAAAAAgEAAAAAAAAAKAAAAAAAAAAAAAAAAAAABDk=},
	Bdsk-Url-1 = {http://doi.acm.org/10.1145/502716.502731},
	Bdsk-Url-2 = {http://dx.doi.org/10.1145/502716.502731}}

@phdthesis{Grammel2012,
	Author = {Lars Grammel},
	Date-Added = {2013-03-04 21:09:09 +0000},
	Date-Modified = {2013-03-04 21:10:02 +0000},
	School = {University of Victoria},
	Title = {User Interfaces Supporting Information Visualization Novices in Visualization Construction},
	Year = {2012},
	Bdsk-File-1 = {YnBsaXN0MDDUAQIDBAUGJCVYJHZlcnNpb25YJG9iamVjdHNZJGFyY2hpdmVyVCR0b3ASAAGGoKgHCBMUFRYaIVUkbnVsbNMJCgsMDxJXTlMua2V5c1pOUy5vYmplY3RzViRjbGFzc6INDoACgAOiEBGABIAFgAdccmVsYXRpdmVQYXRoWWFsaWFzRGF0YV8QdGxpYnJhcnkvR3JhbW1lbDIwMTIgLSBVc2VyIEludGVyZmFjZXMgU3VwcG9ydGluZyBJbmZvcm1hdGlvbiBWaXN1YWxpemF0aW9uIE5vdmljZXMgaW4gVmlzdWFsaXphdGlvbiBDb25zdHJ1Y3Rpb24ucGRm0hcLGBlXTlMuZGF0YU8RAvAAAAAAAvAAAgAADE1hY2ludG9zaCBIRAAAAAAAAAAAAAAAAAAAAMviY+BIKwAAAkaNTx9HcmFtbWVsMjAxMiAtIFVzZXIgIzI0NjlCNTgucGRmAAAAAAAAAAAAAAAAAAAAAAAAAAAAAAAAAAAAAAAAAAACRptYzVrL5QAAAAAAAAAAAAEAAwAACSAAAAAAAAAAAAAAAAAAAAAHbGlicmFyeQAAEAAIAADL4kfAAAAAEQAIAADNWr3VAAAAAQAYAkaNTwJGicECRom9AA4pUwAF+VkAAL/+AAIAZk1hY2ludG9zaCBIRDpVc2VyczoAeG5pa3A6AHN0dWRpdW06AHNlbWVzdGVyMTA6AGRpcGxvbWFyYmVpdDoAbGlicmFyeToAR3JhbW1lbDIwMTIgLSBVc2VyICMyNDY5QjU4LnBkZgAOANoAbABHAHIAYQBtAG0AZQBsADIAMAAxADIAIAAtACAAVQBzAGUAcgAgAEkAbgB0AGUAcgBmAGEAYwBlAHMAIABTAHUAcABwAG8AcgB0AGkAbgBnACAASQBuAGYAbwByAG0AYQB0AGkAbwBuACAAVgBpAHMAdQBhAGwAaQB6AGEAdABpAG8AbgAgAE4AbwB2AGkAYwBlAHMAIABpAG4AIABWAGkAcwB1AGEAbABpAHoAYQB0AGkAbwBuACAAQwBvAG4AcwB0AHIAdQBjAHQAaQBvAG4ALgBwAGQAZgAPABoADABNAGEAYwBpAG4AdABvAHMAaAAgAEgARAASAKBVc2Vycy94bmlrcC9zdHVkaXVtL3NlbWVzdGVyMTAvZGlwbG9tYXJiZWl0L2xpYnJhcnkvR3JhbW1lbDIwMTIgLSBVc2VyIEludGVyZmFjZXMgU3VwcG9ydGluZyBJbmZvcm1hdGlvbiBWaXN1YWxpemF0aW9uIE5vdmljZXMgaW4gVmlzdWFsaXphdGlvbiBDb25zdHJ1Y3Rpb24ucGRmABMAAS8AABUAAgAM//8AAIAG0hscHR5aJGNsYXNzbmFtZVgkY2xhc3Nlc11OU011dGFibGVEYXRhox0fIFZOU0RhdGFYTlNPYmplY3TSGxwiI1xOU0RpY3Rpb25hcnmiIiBfEA9OU0tleWVkQXJjaGl2ZXLRJidUcm9vdIABAAgAEQAaACMALQAyADcAQABGAE0AVQBgAGcAagBsAG4AcQBzAHUAdwCEAI4BBQEKARIEBgQIBA0EGAQhBC8EMwQ6BEMESARVBFgEagRtBHIAAAAAAAACAQAAAAAAAAAoAAAAAAAAAAAAAAAAAAAEdA==}}

@inproceedings{Elias2012,
	Author = {Elias, Micheline and Bezerianos, Anastasia},
	Booktitle = {Proceedings of the 2012 ACM annual conference on Human Factors in Computing Systems},
	Date-Added = {2013-03-04 20:58:15 +0000},
	Date-Modified = {2013-03-04 20:58:15 +0000},
	Organization = {ACM},
	Pages = {1641--1650},
	Title = {Annotating BI visualization dashboards: needs \& challenges},
	Year = {2012},
	Bdsk-File-1 = {YnBsaXN0MDDUAQIDBAUGJCVYJHZlcnNpb25YJG9iamVjdHNZJGFyY2hpdmVyVCR0b3ASAAGGoKgHCBMUFRYaIVUkbnVsbNMJCgsMDxJXTlMua2V5c1pOUy5vYmplY3RzViRjbGFzc6INDoACgAOiEBGABIAFgAdccmVsYXRpdmVQYXRoWWFsaWFzRGF0YV8QJmxpYnJhcnkvRWxpYXMyMDEyIC0gQkkgYW5ub3RhdGlvbnMucGRm0hcLGBlXTlMuZGF0YU8RAgYAAAAAAgYAAgAADE1hY2ludG9zaCBIRAAAAAAAAAAAAAAAAAAAAMviY+BIKwAAAkaNTx5FbGlhczIwMTIgLSBCSSBhbm5vdGF0aW9ucy5wZGYAAAAAAAAAAAAAAAAAAAAAAAAAAAAAAAAAAAAAAAAAAAACRpRszVrJiwAAAAAAAAAAAAEAAwAACSAAAAAAAAAAAAAAAAAAAAAHbGlicmFyeQAAEAAIAADL4kfAAAAAEQAIAADNWrt7AAAAAQAYAkaNTwJGicECRom9AA4pUwAF+VkAAL/+AAIAZU1hY2ludG9zaCBIRDpVc2VyczoAeG5pa3A6AHN0dWRpdW06AHNlbWVzdGVyMTA6AGRpcGxvbWFyYmVpdDoAbGlicmFyeToARWxpYXMyMDEyIC0gQkkgYW5ub3RhdGlvbnMucGRmAAAOAD4AHgBFAGwAaQBhAHMAMgAwADEAMgAgAC0AIABCAEkAIABhAG4AbgBvAHQAYQB0AGkAbwBuAHMALgBwAGQAZgAPABoADABNAGEAYwBpAG4AdABvAHMAaAAgAEgARAASAFJVc2Vycy94bmlrcC9zdHVkaXVtL3NlbWVzdGVyMTAvZGlwbG9tYXJiZWl0L2xpYnJhcnkvRWxpYXMyMDEyIC0gQkkgYW5ub3RhdGlvbnMucGRmABMAAS8AABUAAgAM//8AAIAG0hscHR5aJGNsYXNzbmFtZVgkY2xhc3Nlc11OU011dGFibGVEYXRhox0fIFZOU0RhdGFYTlNPYmplY3TSGxwiI1xOU0RpY3Rpb25hcnmiIiBfEA9OU0tleWVkQXJjaGl2ZXLRJidUcm9vdIABAAgAEQAaACMALQAyADcAQABGAE0AVQBgAGcAagBsAG4AcQBzAHUAdwCEAI4AtwC8AMQCzgLQAtUC4ALpAvcC+wMCAwsDEAMdAyADMgM1AzoAAAAAAAACAQAAAAAAAAAoAAAAAAAAAAAAAAAAAAADPA==}}

@inproceedings{Heer2007,
	Author = {Jeffrey Heer AND Fernanda Vi{\'e}gas AND Martin Wattenberg},
	Booktitle = {ACM Human Factors in Computing Systems (CHI)},
	Date-Added = {2013-03-04 20:56:47 +0000},
	Date-Modified = {2013-03-04 20:56:47 +0000},
	Pages = {1029--1038},
	Title = {Voyagers and Voyeurs: Supporting Asynchronous Collaborative Information Visualization},
	Url = {http://vis.stanford.edu/papers/senseus},
	Year = {2007},
	Bdsk-File-1 = {YnBsaXN0MDDUAQIDBAUGJCVYJHZlcnNpb25YJG9iamVjdHNZJGFyY2hpdmVyVCR0b3ASAAGGoKgHCBMUFRYaIVUkbnVsbNMJCgsMDxJXTlMua2V5c1pOUy5vYmplY3RzViRjbGFzc6INDoACgAOiEBGABIAFgAdccmVsYXRpdmVQYXRoWWFsaWFzRGF0YV8QHWxpYnJhcnkvSGVlcjIwMDctc2Vuc2UudXMucGRm0hcLGBlXTlMuZGF0YU8RAeIAAAAAAeIAAgAADE1hY2ludG9zaCBIRAAAAAAAAAAAAAAAAAAAAMviY+BIKwAAAkaNTxVIZWVyMjAwNy1zZW5zZS51cy5wZGYAAAAAAAAAAAAAAAAAAAAAAAAAAAAAAAAAAAAAAAAAAAAAAAAAAAAAAAACRpIizVrJNQAAAAAAAAAAAAEAAwAACSAAAAAAAAAAAAAAAAAAAAAHbGlicmFyeQAAEAAIAADL4kfAAAAAEQAIAADNWrslAAAAAQAYAkaNTwJGicECRom9AA4pUwAF+VkAAL/+AAIAXE1hY2ludG9zaCBIRDpVc2VyczoAeG5pa3A6AHN0dWRpdW06AHNlbWVzdGVyMTA6AGRpcGxvbWFyYmVpdDoAbGlicmFyeToASGVlcjIwMDctc2Vuc2UudXMucGRmAA4ALAAVAEgAZQBlAHIAMgAwADAANwAtAHMAZQBuAHMAZQAuAHUAcwAuAHAAZABmAA8AGgAMAE0AYQBjAGkAbgB0AG8AcwBoACAASABEABIASVVzZXJzL3huaWtwL3N0dWRpdW0vc2VtZXN0ZXIxMC9kaXBsb21hcmJlaXQvbGlicmFyeS9IZWVyMjAwNy1zZW5zZS51cy5wZGYAABMAAS8AABUAAgAM//8AAIAG0hscHR5aJGNsYXNzbmFtZVgkY2xhc3Nlc11OU011dGFibGVEYXRhox0fIFZOU0RhdGFYTlNPYmplY3TSGxwiI1xOU0RpY3Rpb25hcnmiIiBfEA9OU0tleWVkQXJjaGl2ZXLRJidUcm9vdIABAAgAEQAaACMALQAyADcAQABGAE0AVQBgAGcAagBsAG4AcQBzAHUAdwCEAI4ArgCzALsCoQKjAqgCswK8AsoCzgLVAt4C4wLwAvMDBQMIAw0AAAAAAAACAQAAAAAAAAAoAAAAAAAAAAAAAAAAAAADDw==},
	Bdsk-Url-1 = {http://vis.stanford.edu/papers/senseus}}

@inproceedings{Morris2010,
	Author = {Morris, Meredith Ringel and Lombardo, Jarrod and Wigdor, Daniel},
	Booktitle = {Proceedings of the 2010 ACM conference on Computer supported cooperative work},
	Date-Added = {2013-03-04 20:54:22 +0000},
	Date-Modified = {2013-03-04 20:54:22 +0000},
	Organization = {ACM},
	Pages = {401--410},
	Title = {WeSearch: supporting collaborative search and sensemaking on a tabletop display},
	Year = {2010},
	Bdsk-File-1 = {YnBsaXN0MDDUAQIDBAUGJCVYJHZlcnNpb25YJG9iamVjdHNZJGFyY2hpdmVyVCR0b3ASAAGGoKgHCBMUFRYaIVUkbnVsbNMJCgsMDxJXTlMua2V5c1pOUy5vYmplY3RzViRjbGFzc6INDoACgAOiEBGABIAFgAdccmVsYXRpdmVQYXRoWWFsaWFzRGF0YV8QIWxpYnJhcnkvTW9ycmlzMjAxMCAtIFdlU2VhcmNoLnBkZtIXCxgZV05TLmRhdGFPEQHyAAAAAAHyAAIAAAxNYWNpbnRvc2ggSEQAAAAAAAAAAAAAAAAAAADL4mPgSCsAAAJGjU8ZTW9ycmlzMjAxMCAtIFdlU2VhcmNoLnBkZgAAAAAAAAAAAAAAAAAAAAAAAAAAAAAAAAAAAAAAAAAAAAAAAAAAAkaQYc1ayGQAAAAAAAAAAAABAAMAAAkgAAAAAAAAAAAAAAAAAAAAB2xpYnJhcnkAABAACAAAy+JHwAAAABEACAAAzVq6VAAAAAEAGAJGjU8CRonBAkaJvQAOKVMABflZAAC//gACAGBNYWNpbnRvc2ggSEQ6VXNlcnM6AHhuaWtwOgBzdHVkaXVtOgBzZW1lc3RlcjEwOgBkaXBsb21hcmJlaXQ6AGxpYnJhcnk6AE1vcnJpczIwMTAgLSBXZVNlYXJjaC5wZGYADgA0ABkATQBvAHIAcgBpAHMAMgAwADEAMAAgAC0AIABXAGUAUwBlAGEAcgBjAGgALgBwAGQAZgAPABoADABNAGEAYwBpAG4AdABvAHMAaAAgAEgARAASAE1Vc2Vycy94bmlrcC9zdHVkaXVtL3NlbWVzdGVyMTAvZGlwbG9tYXJiZWl0L2xpYnJhcnkvTW9ycmlzMjAxMCAtIFdlU2VhcmNoLnBkZgAAEwABLwAAFQACAAz//wAAgAbSGxwdHlokY2xhc3NuYW1lWCRjbGFzc2VzXU5TTXV0YWJsZURhdGGjHR8gVk5TRGF0YVhOU09iamVjdNIbHCIjXE5TRGljdGlvbmFyeaIiIF8QD05TS2V5ZWRBcmNoaXZlctEmJ1Ryb290gAEACAARABoAIwAtADIANwBAAEYATQBVAGAAZwBqAGwAbgBxAHMAdQB3AIQAjgCyALcAvwK1ArcCvALHAtAC3gLiAukC8gL3AwQDBwMZAxwDIQAAAAAAAAIBAAAAAAAAACgAAAAAAAAAAAAAAAAAAAMj}}

@inproceedings{Kohlhase2009,
	Author = {Kohlhase, Andrea E and Kohlhase, Michael},
	Booktitle = {Proceedings of the 27th ACM international conference on Design of communication},
	Date-Added = {2013-03-04 20:42:48 +0000},
	Date-Modified = {2013-03-04 20:42:48 +0000},
	Organization = {ACM},
	Pages = {89--96},
	Title = {Semantic transparency in user assistance systems},
	Year = {2009},
	Bdsk-File-1 = {YnBsaXN0MDDUAQIDBAUGJCVYJHZlcnNpb25YJG9iamVjdHNZJGFyY2hpdmVyVCR0b3ASAAGGoKgHCBMUFRYaIVUkbnVsbNMJCgsMDxJXTlMua2V5c1pOUy5vYmplY3RzViRjbGFzc6INDoACgAOiEBGABIAFgAdccmVsYXRpdmVQYXRoWWFsaWFzRGF0YV8QMGxpYnJhcnkvS29obGhhc2UyMDA5IC0gU2VtYW50aWMgVHJhbnNwYXJlbmN5LnBkZtIXCxgZV05TLmRhdGFPEQIkAAAAAAIkAAIAAAxNYWNpbnRvc2ggSEQAAAAAAAAAAAAAAAAAAADL4mPgSCsAAAJGjU8fS29obGhhc2UyMDA5IC0gU2VtYSMyNDY4RDQ1LnBkZgAAAAAAAAAAAAAAAAAAAAAAAAAAAAAAAAAAAAAAAAAAAkaNRc1axtoAAAAAAAAAAAABAAMAAAkgAAAAAAAAAAAAAAAAAAAAB2xpYnJhcnkAABAACAAAy+JHwAAAABEACAAAzVq4ygAAAAEAGAJGjU8CRonBAkaJvQAOKVMABflZAAC//gACAGZNYWNpbnRvc2ggSEQ6VXNlcnM6AHhuaWtwOgBzdHVkaXVtOgBzZW1lc3RlcjEwOgBkaXBsb21hcmJlaXQ6AGxpYnJhcnk6AEtvaGxoYXNlMjAwOSAtIFNlbWEjMjQ2OEQ0NS5wZGYADgBSACgASwBvAGgAbABoAGEAcwBlADIAMAAwADkAIAAtACAAUwBlAG0AYQBuAHQAaQBjACAAVAByAGEAbgBzAHAAYQByAGUAbgBjAHkALgBwAGQAZgAPABoADABNAGEAYwBpAG4AdABvAHMAaAAgAEgARAASAFxVc2Vycy94bmlrcC9zdHVkaXVtL3NlbWVzdGVyMTAvZGlwbG9tYXJiZWl0L2xpYnJhcnkvS29obGhhc2UyMDA5IC0gU2VtYW50aWMgVHJhbnNwYXJlbmN5LnBkZgATAAEvAAAVAAIADP//AACABtIbHB0eWiRjbGFzc25hbWVYJGNsYXNzZXNdTlNNdXRhYmxlRGF0YaMdHyBWTlNEYXRhWE5TT2JqZWN00hscIiNcTlNEaWN0aW9uYXJ5oiIgXxAPTlNLZXllZEFyY2hpdmVy0SYnVHJvb3SAAQAIABEAGgAjAC0AMgA3AEAARgBNAFUAYABnAGoAbABuAHEAcwB1AHcAhACOAMEAxgDOAvYC+AL9AwgDEQMfAyMDKgMzAzgDRQNIA1oDXQNiAAAAAAAAAgEAAAAAAAAAKAAAAAAAAAAAAAAAAAAAA2Q=}}
